<record><leader>00000cas a2200000 a 4500</leader><controlfield tag="001">9809935</controlfield><controlfield tag="008">830815d18841984ksuwr ne      0    0eng d</controlfield><controlfield tag="009">3789</controlfield><datafield ind1=" " ind2=" " tag="010"><subfield code="a">sn 83040495 </subfield></datafield><datafield ind1=" " ind2=" " tag="040"><subfield code="a">KSH</subfield><subfield code="b">eng</subfield><subfield code="c">KSH</subfield><subfield code="d">NPT</subfield><subfield code="d">NSD</subfield><subfield code="d">OCL</subfield></datafield><datafield ind1=" " ind2=" " tag="042"><subfield code="a">msc</subfield></datafield><datafield ind1=" " ind2=" " tag="043"><subfield code="a">n-us-ks</subfield></datafield><datafield ind1="0" ind2="0" tag="245"><subfield code="a">Douglass tribune.</subfield></datafield><datafield ind1=" " ind2=" " tag="260"><subfield code="a">Douglass, Kan. :</subfield><subfield code="b">J.M. Satterthwaite,</subfield><subfield code="c">1884-1984.</subfield></datafield><datafield ind1=" " ind2=" " tag="300"><subfield code="a">100 v. :</subfield><subfield code="b">ill. ;</subfield><subfield code="c">55 cm.</subfield></datafield><datafield ind1=" " ind2=" " tag="310"><subfield code="a">Weekly</subfield></datafield><datafield ind1="0" ind2=" " tag="362"><subfield code="a">Vol. 1, no. 1 (Jan. 4, 1884)-v. 100, no. 42 (Oct. 16, 1984).</subfield></datafield><datafield ind1=" " ind2=" " tag="500"><subfield code="a">Published on Friday.</subfield></datafield><datafield ind1=" " ind2=" " tag="530"><subfield code="a">Available on microfilm from Micro Photo and the Forman Co., Monmouth, IL.</subfield></datafield><datafield ind1=" " ind2=" " tag="500"><subfield code="a">Editor: J.M. Satterthwaite.</subfield></datafield><datafield ind1="1" ind2=" " tag="700"><subfield code="a">Satterthwaite, J. M.</subfield><subfield code="q">(Joseph Morgan)</subfield></datafield><datafield ind1=" " ind2=" " tag="752"><subfield code="a">United States</subfield><subfield code="b">Kansas</subfield><subfield code="c">Butler</subfield><subfield code="d">Douglass.</subfield></datafield><datafield ind1="0" ind2="4" tag="785"><subfield code="t">El Dorado times</subfield><subfield code="x">1053-9999</subfield><subfield code="w">(DLC)sn 83040494</subfield></datafield></record>